<?xml version="1.0" encoding="UTF-8"?>

<marc21:record xmlns:marc21="http://www.loc.gov/MARC21/slim" xmlns:xsi="http://www.w3.org/2001/XMLSchema-instance" xsi:schemaLocation="http://www.loc.gov/MARC21/slim http://www.loc.gov/standards/marcxml/schema/MARC21slim.xsd">
  <marc21:leader>02033nam a22004937a 4500</marc21:leader>
  <marc21:controlfield tag="001">001052711</marc21:controlfield>
  <marc21:controlfield tag="003">CZ BrMZK</marc21:controlfield>
  <marc21:controlfield tag="005">20070724174528.0</marc21:controlfield>
  <marc21:controlfield tag="007">ta</marc21:controlfield>
  <marc21:controlfield tag="008">070531s1668 ne fr|||||00| ||latod</marc21:controlfield>
  <marc21:datafield tag="040" ind1=" " ind2=" ">
    <marc21:subfield code="a">BOA001</marc21:subfield>
    <marc21:subfield code="b">cze</marc21:subfield>
  </marc21:datafield>
  <marc21:datafield tag="072" ind1=" " ind2="7">
    <marc21:subfield code="a">094</marc21:subfield>
    <marc21:subfield code="x">Staré tisky</marc21:subfield>
    <marc21:subfield code="2">Konspekt</marc21:subfield>
    <marc21:subfield code="9">12</marc21:subfield>
  </marc21:datafield>
  <marc21:datafield tag="080" ind1=" " ind2=" ">
    <marc21:subfield code="a">025.171</marc21:subfield>
    <marc21:subfield code="2">MRF</marc21:subfield>
  </marc21:datafield>
  <marc21:datafield tag="100" ind1="1" ind2=" ">
    <marc21:subfield code="a">Komenský, Jan Amos,</marc21:subfield>
    <marc21:subfield code="d">1592-1670</marc21:subfield>
    <marc21:subfield code="7">jk01061444</marc21:subfield>
    <marc21:subfield code="4">aut</marc21:subfield>
  </marc21:datafield>
  <marc21:datafield tag="245" ind1="1" ind2="0">
    <marc21:subfield code="a">Unum Necessarium :</marc21:subfield>
    <marc21:subfield code="b">Scire qvid sibi sit Necessarium, in Vita &amp; Morte, &amp; post Mortem. Qvod Non-necessariis Mundi fatigatus, &amp; ad Unum Necessarium sese recipiens /</marc21:subfield>
    <marc21:subfield code="c">senex J. A. Comenius, Anno aetatis suae 77. Mundo expendendum offert. Terentius: Ad omnia aetate sapimus rectiùs.</marc21:subfield>
  </marc21:datafield>
  <marc21:datafield tag="260" ind1=" " ind2=" ">
    <marc21:subfield code="a">Amsterodami :</marc21:subfield>
    <marc21:subfield code="b">Apud Christophorum Cunradum,</marc21:subfield>
    <marc21:subfield code="c">1668</marc21:subfield>
  </marc21:datafield>
  <marc21:datafield tag="300" ind1=" " ind2=" ">
    <marc21:subfield code="a">80 s. ;</marc21:subfield>
    <marc21:subfield code="c">4°</marc21:subfield>
  </marc21:datafield>
  <marc21:datafield tag="500" ind1=" " ind2=" ">
    <marc21:subfield code="a">Výzdoba: nad impresem viněta, iniciály</marc21:subfield>
  </marc21:datafield>
  <marc21:datafield tag="510" ind1="4" ind2=" ">
    <marc21:subfield code="a">SDK,</marc21:subfield>
    <marc21:subfield code="c">788</marc21:subfield>
  </marc21:datafield>
  <marc21:datafield tag="510" ind1="4" ind2=" ">
    <marc21:subfield code="a">Dokoupil. Soupis komenian,</marc21:subfield>
    <marc21:subfield code="c">s. 105, č. 1</marc21:subfield>
  </marc21:datafield>
  <marc21:datafield tag="510" ind1="4" ind2=" ">
    <marc21:subfield code="a">Vobr. Dílo J. A. Komenského,</marc21:subfield>
    <marc21:subfield code="c">258</marc21:subfield>
  </marc21:datafield>
  <marc21:datafield tag="561" ind1=" " ind2=" ">
    <marc21:subfield code="a">Provenience: (exlibris) Bibliothecae Wesseliensis Nro 21</marc21:subfield>
  </marc21:datafield>
  <marc21:datafield tag="561" ind1=" " ind2=" ">
    <marc21:subfield code="a">Provenience: [Zámecká knihovna hrabat Chorinských, Veselí n. Moravou, sign.] Bib. II. E. 31 Reihe 2</marc21:subfield>
  </marc21:datafield>
  <marc21:datafield tag="563" ind1=" " ind2=" ">
    <marc21:subfield code="a">Polokožená vazba knihovny Chorinských z 18. století, hřbet z hnědé teletiny, desky potažené hnědavým barevným papírem</marc21:subfield>
  </marc21:datafield>
  <marc21:datafield tag="648" ind1=" " ind2="7">
    <marc21:subfield code="a">1651-1700</marc21:subfield>
    <marc21:subfield code="2">czenas</marc21:subfield>
  </marc21:datafield>
  <marc21:datafield tag="650" ind1="0" ind2="7">
    <marc21:subfield code="a">historické knihovní fondy</marc21:subfield>
    <marc21:subfield code="2">czenas</marc21:subfield>
  </marc21:datafield>
  <marc21:datafield tag="655" ind1=" " ind2="7">
    <marc21:subfield code="a">staré tisky</marc21:subfield>
    <marc21:subfield code="2">czenas</marc21:subfield>
  </marc21:datafield>
  <marc21:datafield tag="700" ind1="1" ind2=" ">
    <marc21:subfield code="a">Komenský, Jan Amos,</marc21:subfield>
    <marc21:subfield code="d">1592-1670.</marc21:subfield>
    <marc21:subfield code="t">Unum necessarium</marc21:subfield>
  </marc21:datafield>
  <marc21:datafield tag="910" ind1=" " ind2=" ">
    <marc21:subfield code="b">Ks-0230.416</marc21:subfield>
  </marc21:datafield>
  <marc21:datafield tag="978" ind1=" " ind2=" ">
    <marc21:subfield code="a">Cunradus</marc21:subfield>
    <marc21:subfield code="b">Christoffel</marc21:subfield>
    <marc21:subfield code="c">Amsterdam</marc21:subfield>
    <marc21:subfield code="f">1668</marc21:subfield>
  </marc21:datafield>
  <marc21:datafield tag="984" ind1=" " ind2=" ">
    <marc21:subfield code="a">Amsterdam</marc21:subfield>
    <marc21:subfield code="b">Nizozemsko</marc21:subfield>
  </marc21:datafield>
  <marc21:datafield tag="990" ind1=" " ind2=" ">
    <marc21:subfield code="a">001052711</marc21:subfield>
  </marc21:datafield>
  <marc21:datafield tag="CAT" ind1=" " ind2=" ">
    <marc21:subfield code="a">BARPRE</marc21:subfield>
    <marc21:subfield code="b">50</marc21:subfield>
    <marc21:subfield code="c">20070724</marc21:subfield>
    <marc21:subfield code="l">MZK03</marc21:subfield>
    <marc21:subfield code="h">1745</marc21:subfield>
  </marc21:datafield>
  <marc21:datafield tag="CAT" ind1=" " ind2=" ">
    <marc21:subfield code="a">KUBIZD</marc21:subfield>
    <marc21:subfield code="b">50</marc21:subfield>
    <marc21:subfield code="c">20080129</marc21:subfield>
    <marc21:subfield code="l">MZK03</marc21:subfield>
    <marc21:subfield code="h">1102</marc21:subfield>
  </marc21:datafield>
  <marc21:datafield tag="CAT" ind1=" " ind2=" ">
    <marc21:subfield code="c">20080514</marc21:subfield>
    <marc21:subfield code="l">MZK03</marc21:subfield>
    <marc21:subfield code="h">1639</marc21:subfield>
  </marc21:datafield>
  <marc21:datafield tag="CAT" ind1=" " ind2=" ">
    <marc21:subfield code="c">20080516</marc21:subfield>
    <marc21:subfield code="l">MZK03</marc21:subfield>
    <marc21:subfield code="h">1719</marc21:subfield>
  </marc21:datafield>
  <marc21:datafield tag="CAT" ind1=" " ind2=" ">
    <marc21:subfield code="c">20080930</marc21:subfield>
    <marc21:subfield code="l">MZK03</marc21:subfield>
    <marc21:subfield code="h">1223</marc21:subfield>
  </marc21:datafield>
  <marc21:datafield tag="CAT" ind1=" " ind2=" ">
    <marc21:subfield code="a">MACHJI</marc21:subfield>
    <marc21:subfield code="b">50</marc21:subfield>
    <marc21:subfield code="c">20090217</marc21:subfield>
    <marc21:subfield code="l">MZK03</marc21:subfield>
    <marc21:subfield code="h">1015</marc21:subfield>
  </marc21:datafield>
  <marc21:datafield tag="CAT" ind1=" " ind2=" ">
    <marc21:subfield code="a">MACHJI</marc21:subfield>
    <marc21:subfield code="b">50</marc21:subfield>
    <marc21:subfield code="c">20090217</marc21:subfield>
    <marc21:subfield code="l">MZK03</marc21:subfield>
    <marc21:subfield code="h">1031</marc21:subfield>
  </marc21:datafield>
  <marc21:datafield tag="MNS" ind1=" " ind2=" ">
    <marc21:subfield code="a">20080515</marc21:subfield>
  </marc21:datafield>
  <marc21:datafield tag="PRU" ind1=" " ind2=" ">
    <marc21:subfield code="a">VZST 070724 PB</marc21:subfield>
  </marc21:datafield>
  <marc21:datafield tag="SGG" ind1=" " ind2=" ">
    <marc21:subfield code="a">0230.416</marc21:subfield>
  </marc21:datafield>
  <marc21:datafield tag="SKC" ind1=" " ind2=" ">
    <marc21:subfield code="a">20080514</marc21:subfield>
  </marc21:datafield>
</marc21:record>
